@Website{deck.gl_documentation,
    key = "OpenJS Foundation",
    author = "OpenJS{ }Foundation",
    title = "DECK.GL",
    howpublished = "online",
    year = 2024,
    cited = "2025-01-14",
    url = "https://deck.gl/"
}

@Website{streamlit_documentation,
    key = "Snowflake Inc.",
    author = "Snowflake{ }Inc.",
    title = "Streamlit",
    howpublished = "online",
    year = 2024,
    cited = "2025-01-17",
    url = "https://streamlit.io/"
}

@Website{dash_documentation,
    key = "Plotly",
    author = "Plotly",
    title = "Dash Python User Guide",
    howpublished = "online",
    year = 2025,
    cited = "2025-01-17",
    url = "https://dash.plotly.com/"
}
